@article{abbott2016observation,
  title={Observation of gravitational waves from a binary black hole merger},
  author={Abbott, Benjamin P and Abbott, Richard and Abbott, TD and Abernathy, MR and Acernese, Fausto and Ackley, Kendall and Adams, Carl and Adams, Thomas and Addesso, Paolo and Adhikari, RX and others},
  journal={Physical review letters},
  volume={116},
  number={6},
  pages={061102},
  year={2016},
  publisher={APS}
}

@article{abbott2016gw151226,
  title={GW151226: observation of gravitational waves from a 22-solar-mass binary black hole coalescence},
  author={Abbott, Benjamin P and Abbott, R and Abbott, TD and Abernathy, MR and Acernese, F and Ackley, K and Adams, C and Adams, T and Addesso, P and Adhikari, RX and others},
  journal={Physical review letters},
  volume={116},
  number={24},
  pages={241103},
  year={2016},
  publisher={APS}
}

@article{abbott2017gw170608,
  title={GW170608: Observation of a 19 solar-mass binary black hole coalescence},
  author={Abbott, Benjamin P and Abbott, R and Abbott, TD and Acernese, F and Ackley, K and Adams, C and Adams, T and Addesso, P and Adhikari, RX and Adya, VB and others},
  journal={The Astrophysical Journal Letters},
  volume={851},
  number={2},
  pages={L35},
  year={2017},
  publisher={IOP Publishing}
}

@article{abbott2017gw170814,
  title={GW170814: a three-detector observation of gravitational waves from a binary black hole coalescence},
  author={Abbott, Benjamin P and Abbott, R and Abbott, TD and Acernese, F and Ackley, K and Adams, C and Adams, T and Addesso, P and Adhikari, RX and Adya, VB and others},
  journal={Physical review letters},
  volume={119},
  number={14},
  pages={141101},
  year={2017},
  publisher={APS}
}

@article{abbott2017gw170817,
  title={GW170817: observation of gravitational waves from a binary neutron star inspiral},
  author={Abbott, Benjamin P and Abbott, Rich and Abbott, TD and Acernese, Fausto and Ackley, Kendall and Adams, Carl and Adams, Thomas and Addesso, Paolo and Adhikari, RX and Adya, VB and others},
  journal={Physical Review Letters},
  volume={119},
  number={16},
  pages={161101},
  year={2017},
  publisher={APS}
}

@article{abbott2017gravitational,
  title={Gravitational waves and gamma-rays from a binary neutron star merger: GW170817 and GRB 170817A},
  author={Abbott, Benjamin P and Abbott, R and Abbott, TD and Acernese, F and Ackley, K and Adams, C and Adams, T and Addesso, P and Adhikari, RX and Adya, VB and others},
  journal={The Astrophysical Journal Letters},
  volume={848},
  number={2},
  pages={L13},
  year={2017},
  publisher={IOP Publishing}
}

@article{abbott2017multi,
  title={Multi-messenger observations of a binary neutron star merger},
  author={Abbott, Benjamin P and Abbott, Richard and Abbott, TD and Acernese, F and Ackley, K and Adams, C and Adams, T and Addesso, P and Adhikari, RX and Adya, VB and others},
  journal={Astrophys. J. Lett},
  volume={848},
  number={2},
  pages={L12},
  year={2017}
}

@article{janka2012explosion,
  title={Explosion mechanisms of core-collapse supernovae},
  author={Janka, Hans-Thomas},
  journal={Annual Review of Nuclear and Particle Science},
  volume={62},
  pages={407--451},
  year={2012},
  publisher={Annual Reviews}
}

@article{kotake2012core,
  title={Core-collapse supernovae as supercomputing science: A status report toward six-dimensional simulations with exact Boltzmann neutrino transport in full general relativity},
  author={Kotake, Kei and Sumiyoshi, Kohsuke and Yamada, Shoichi and Takiwaki, Tomoya and Kuroda, Takami and Suwa, Yudai and Nagakura, Hiroki},
  journal={Progress of Theoretical and Experimental Physics},
  volume={2012},
  number={1},
  year={2012},
  publisher={Oxford University Press}
}

@article{mezzacappa2014two,
  title={Two-and Three-Dimensional Multi-Physics Simulations of Core Collapse Supernovae: A Brief Status Report and Summary of Results from the" Oak Ridge" Group},
  author={Mezzacappa, Anthony and Bruenn, Stephen W and Lentz, Eric J and Hix, W Raphael and Messer, OE and Harris, J Austin and Lingerfelt, Eric J and Endeve, Eirik and Yakunin, Konstantin N and Blondin, John M and others},
  journal={arXiv preprint arXiv:1405.7075},
  year={2014}
}

@article{woosley2006progenitor,
  title={The progenitor stars of gamma-ray bursts},
  author={Woosley, SE and Heger, Alexander},
  journal={The Astrophysical Journal},
  volume={637},
  number={2},
  pages={914},
  year={2006},
  publisher={IOP Publishing}
}

@article{yoon2005evolution,
  title={On the evolution of rapidly rotating massive white dwarfs towards supernovae or collapses},
  author={Yoon, S-C and Langer, Norbert},
  journal={Astronomy \& Astrophysics},
  volume={435},
  number={3},
  pages={967--985},
  year={2005},
  publisher={EDP Sciences}
}

@article{de2013rotation,
  title={The rotation rates of massive stars: the role of binary interaction through tides, mass transfer, and mergers},
  author={De Mink, SE and Langer, N and Izzard, RG and Sana, Hugues and de Koter, Alex},
  journal={The Astrophysical Journal},
  volume={764},
  number={2},
  pages={166},
  year={2013},
  publisher={IOP Publishing}
}

@article{bethe1985revival,
  title={Revival of a stalled supernova shock by neutrino heating},
  author={Bethe, Hans A and Wilson, James R},
  journal={The Astrophysical Journal},
  volume={295},
  pages={14--23},
  year={1985}
}

@article{bruenn2016development,
  title={THE DEVELOPMENT OF EXPLOSIONS IN AXISYMMETRIC AB INITIO CORE-COLLAPSE SUPERNOVA SIMULATIONS OF 12--25 STARS},
  author={Bruenn, Stephen W and Lentz, Eric J and Hix, W Raphael and Mezzacappa, Anthony and Harris, J Austin and Messer, OE Bronson and Endeve, Eirik and Blondin, John M and Chertkow, Merek Austin and Lingerfelt, Eric J and others},
  journal={The Astrophysical Journal},
  volume={818},
  number={2},
  pages={123},
  year={2016},
  publisher={IOP Publishing}
}

@article{leblanc1970numerical,
  title={A numerical example of the collapse of a rotating magnetized star},
  author={LeBlanc, JM and Wilson, JR},
  journal={The Astrophysical Journal},
  volume={161},
  pages={541},
  year={1970}
}

@article{burrows2007simulations,
  title={Simulations of magnetically driven supernova and hypernova explosions in the context of rapid rotation},
  author={Burrows, Adam and Dessart, Luc and Livne, Eli and Ott, Christian D and Murphy, Jeremiah},
  journal={The Astrophysical Journal},
  volume={664},
  number={1},
  pages={416},
  year={2007},
  publisher={IOP Publishing}
}

@article{takiwaki2009special,
  title={Special relativistic simulations of magnetically dominated jets in collapsing massive stars},
  author={Takiwaki, Tomoya and Kotake, Kei and Sato, Katsuhiko},
  journal={The Astrophysical Journal},
  volume={691},
  number={2},
  pages={1360},
  year={2009},
  publisher={IOP Publishing}
}

@article{moiseenko2006magnetorotational,
  title={A magnetorotational core-collapse model with jets},
  author={Moiseenko, SG and Bisnovatyi-Kogan, GS and Ardeljan, NV},
  journal={Monthly Notices of the Royal Astronomical Society},
  volume={370},
  number={1},
  pages={501--512},
  year={2006},
  publisher={Blackwell Publishing Ltd Oxford, UK}
}

@article{mosta2014magnetorotational,
  title={Magnetorotational core-collapse supernovae in three dimensions},
  author={M{\"o}sta, Philipp and Richers, Sherwood and Ott, Christian D and Haas, Roland and Piro, Anthony L and Boydstun, Kristen and Abdikamalov, Ernazar and Reisswig, Christian and Schnetter, Erik},
  journal={The Astrophysical Journal Letters},
  volume={785},
  number={2},
  pages={L29},
  year={2014},
  publisher={IOP Publishing}
}

@article{o2011black,
  title={Black hole formation in failing core-collapse supernovae},
  author={O'Connor, Evan and Ott, Christian D},
  journal={The Astrophysical Journal},
  volume={730},
  number={2},
  pages={70},
  year={2011},
  publisher={IOP Publishing}
}

@article{baron1990effect,
  title={The effect of iron core structure on supernovae},
  author={Baron, E and Cooperstein, J},
  journal={The Astrophysical Journal},
  volume={353},
  pages={597--611},
  year={1990}
  
}

@article{bethe1990supernova,
  title={Supernova mechanisms},
  author={Bethe, Hans Albrecht},
  journal={Reviews of Modern Physics},
  volume={62},
  number={4},
  pages={801},
  year={1990},
  publisher={APS}
}

@article{ott2009gravitational,
  title={The gravitational-wave signature of core-collapse supernovae},
  author={Ott, Christian D},
  journal={Classical and Quantum Gravity},
  volume={26},
  number={6},
  pages={063001},
  year={2009},
  publisher={IOP Publishing}
}

@article{sathyaprakash2009physics,
  title={Physics, astrophysics and cosmology with gravitational waves},
  author={Sathyaprakash, Bangalore Suryanarayana and Schutz, Bernard F},
  journal={Living reviews in relativity},
  volume={12},
  number={1},
  pages={2},
  year={2009},
  publisher={Springer}
}

@article{kotake2013multiple,
  title={Multiple physical elements to determine the gravitational-wave signatures of core-collapse supernovae},
  author={Kotake, Kei},
  journal={Comptes Rendus Physique},
  volume={14},
  number={4},
  pages={318--351},
  year={2013},
  publisher={Elsevier}
}

@article{kotake2009stochastic,
  title={Stochastic nature of gravitational waves from supernova explosions with standing accretion shock instability},
  author={Kotake, Kei and Iwakami, Wakana and Ohnishi, Naofumi and Yamada, Shoichi},
  journal={The Astrophysical Journal Letters},
  volume={697},
  number={2},
  pages={L133},
  year={2009},
  publisher={IOP Publishing}
}

@inproceedings{krizhevsky2012imagenet,
  title={Imagenet classification with deep convolutional neural networks},
  author={Krizhevsky, Alex and Sutskever, Ilya and Hinton, Geoffrey E},
  booktitle={Advances in neural information processing systems},
  pages={1097--1105},
  year={2012}
}

@incollection{NIPS2014_5423,
title = {Generative Adversarial Nets},
author = {Goodfellow, Ian and Pouget-Abadie, Jean and Mirza, Mehdi and Xu, Bing and Warde-Farley, David and Ozair, Sherjil and Courville, Aaron and Bengio, Yoshua},
booktitle = {Advances in Neural Information Processing Systems 27},
editor = {Z. Ghahramani and M. Welling and C. Cortes and N. D. Lawrence and K. Q. Weinberger},
pages = {2672--2680},
year = {2014},
publisher = {Curran Associates, Inc.},
url = {http://papers.nips.cc/paper/5423-generative-adversarial-nets.pdf}
}

@article{simonyan2014very,
  title={Very deep convolutional networks for large-scale image recognition},
  author={Simonyan, Karen and Zisserman, Andrew},
  journal={arXiv preprint arXiv:1409.1556},
  year={2014}
}

@article{chen2014semantic,
  title={Semantic image segmentation with deep convolutional nets and fully connected crfs},
  author={Chen, Liang-Chieh and Papandreou, George and Kokkinos, Iasonas and Murphy, Kevin and Yuille, Alan L},
  journal={arXiv preprint arXiv:1412.7062},
  year={2014}
}

@inproceedings{zeiler2014visualizing,
  title={Visualizing and understanding convolutional networks},
  author={Zeiler, Matthew D and Fergus, Rob},
  booktitle={European conference on computer vision},
  pages={818--833},
  year={2014},
  organization={Springer}
}

@inproceedings{szegedy2015going,
  title={Going deeper with convolutions},
  author={Szegedy, Christian and Liu, Wei and Jia, Yangqing and Sermanet, Pierre and Reed, Scott and Anguelov, Dragomir and Erhan, Dumitru and Vanhoucke, Vincent and Rabinovich, Andrew},
  booktitle={Proceedings of the IEEE conference on computer vision and pattern recognition},
  pages={1--9},
  year={2015}
}

@article{kononenko2001machine,
  title={Machine learning for medical diagnosis: history, state of the art and perspective},
  author={Kononenko, Igor},
  journal={Artificial Intelligence in medicine},
  volume={23},
  number={1},
  pages={89--109},
  year={2001},
  publisher={Elsevier}
}

@inproceedings{redmon2016you,
  title={You only look once: Unified, real-time object detection},
  author={Redmon, Joseph and Divvala, Santosh and Girshick, Ross and Farhadi, Ali},
  booktitle={Proceedings of the IEEE conference on computer vision and pattern recognition},
  pages={779--788},
  year={2016}
}

@article{lample2016neural,
  title={Neural architectures for named entity recognition},
  author={Lample, Guillaume and Ballesteros, Miguel and Subramanian, Sandeep and Kawakami, Kazuya and Dyer, Chris},
  journal={arXiv preprint arXiv:1603.01360},
  year={2016}
}

@article{mukund2017transient,
  title={Transient classification in LIGO data using difference boosting neural network},
  author={Mukund, Nikhil and Abraham, Sheelu and Kandhasamy, Shivaraj and Mitra, Sanjit and Philip, Ninan Sajeeth},
  journal={Physical Review D},
  volume={95},
  number={10},
  pages={104059},
  year={2017},
  publisher={APS}
}
@article{zevin2017gravity,
  title={Gravity Spy: integrating advanced LIGO detector characterization, machine learning, and citizen science},
  author={Zevin, Michael and Coughlin, Scott and Bahaadini, Sara and Besler, Emre and Rohani, Neda and Allen, Sarah and Cabero, Miriam and Crowston, Kevin and Katsaggelos, Aggelos K and Larson, Shane L and others},
  journal={Classical and quantum gravity},
  volume={34},
  number={6},
  pages={064003},
  year={2017},
  publisher={IOP Publishing}
}

@article{george2017deep,
  title={Deep Transfer Learning: A new deep learning glitch classification method for advanced LIGO},
  author={George, Daniel and Shen, Hongyu and Huerta, EA},
  journal={arXiv preprint arXiv:1706.07446},
  year={2017}
}

@article{george2018deep,
  title={Deep Learning for real-time gravitational wave detection and parameter estimation: Results with Advanced LIGO data},
  author={George, Daniel and Huerta, EA},
  journal={Physics Letters B},
  volume={778},
  pages={64--70},
  year={2018},
  publisher={Elsevier}
}

@article{astone2018new,
  title={New method to observe gravitational waves emitted by core collapse supernovae},
  author={Astone, P and Cerd{\'a}-Dur{\'a}n, P and Di Palma, I and Drago, M and Muciaccia, F and Palomba, C and Ricci, F},
  journal={Physical Review D},
  volume={98},
  number={12},
  pages={122002},
  year={2018},
  publisher={APS}
}

@article{gabbard2018matching,
  title={Matching matched filtering with deep networks for gravitational-wave astronomy},
  author={Gabbard, Hunter and Williams, Michael and Hayes, Fergus and Messenger, Chris},
  journal={Physical review letters},
  volume={120},
  number={14},
  pages={141103},
  year={2018},
  publisher={APS}
}

@article{richers2017equation,
  title={Equation of state effects on gravitational waves from rotating core collapse},
  author={Richers, Sherwood and Ott, Christian D and Abdikamalov, Ernazar and O’Connor, Evan and Sullivan, Chris},
  journal={Physical Review D},
  volume={95},
  number={6},
  pages={063019},
  year={2017},
  publisher={APS}
}

@article{heng2009rotating,
  title={Rotating stellar core-collapse waveform decomposition: a principal component analysis approach},
  author={Heng, Ik Siong},
  journal={Classical and Quantum Gravity},
  volume={26},
  number={10},
  pages={105005},
  year={2009},
  publisher={IOP Publishing}
}

@article{rover2009bayesian,
  title={Bayesian reconstruction of gravitational wave burst signals from simulations of rotating stellar core collapse and bounce},
  author={R{\"o}ver, Christian and Bizouard, Marie-Anne and Christensen, Nelson and Dimmelmeier, Harald and Heng, Ik Siong and Meyer, Renate},
  journal={Physical Review D},
  volume={80},
  number={10},
  pages={102004},
  year={2009},
  publisher={APS}
}

@article{powell2015classification,
  title={Classification methods for noise transients in advanced gravitational-wave detectors},
  author={Powell, Jade and Trifir{\`o}, Daniele and Cuoco, Elena and Heng, Ik Siong and Cavagli{\`a}, Marco},
  journal={Classical and Quantum Gravity},
  volume={32},
  number={21},
  pages={215012},
  year={2015},
  publisher={IOP Publishing}
}

@article{powell2017classification,
  title={Classification methods for noise transients in advanced gravitational-wave detectors II: performance tests on Advanced LIGO data},
  author={Powell, Jade and Torres-Forn{\'e}, Alejandro and Lynch, Ryan and Trifir{\`o}, Daniele and Cuoco, Elena and Cavagli{\`a}, Marco and Heng, Ik Siong and Font, Jos{\'e} A},
  journal={Classical and Quantum Gravity},
  volume={34},
  number={3},
  pages={034002},
  year={2017},
  publisher={IOP Publishing}
}

@article{suvorova2019reconstructing,
  title={Reconstructing gravitational wave core-collapse supernova signals with dynamic time warping},
  author={Suvorova, Sofia and Powell, Jade and Melatos, Andrew},
  journal={Physical Review D},
  volume={99},
  number={12},
  pages={123012},
  year={2019},
  publisher={APS}
}

@article{sato1987analysis,
  title={Analysis of neutrino burst from the supernova 1987A in the large magellanic cloud},
  author={Sato, Katsuhiko and Suzuki, Hideyuki},
  journal={Physical review letters},
  volume={58},
  number={25},
  pages={2722},
  year={1987},
  publisher={APS}
}

@article{takiwaki2016three,
  title={Three-dimensional simulations of rapidly rotating core-collapse supernovae: finding a neutrino-powered explosion aided by non-axisymmetric flows},
  author={Takiwaki, Tomoya and Kotake, Kei and Suwa, Yudai},
  journal={Monthly Notices of the Royal Astronomical Society: Letters},
  volume={461},
  number={1},
  pages={L112--L116},
  year={2016},
  publisher={The Royal Astronomical Society}
}

@article{summa2018rotation,
  title={Rotation-supported neutrino-driven supernova explosions in three dimensions and the critical luminosity condition},
  author={Summa, Alexander and Janka, Hans-Thomas and Melson, Tobias and Marek, Andreas},
  journal={The Astrophysical Journal},
  volume={852},
  number={1},
  pages={28},
  year={2018},
  publisher={IOP Publishing}
}

@article{dimmelmeier2008gravitational,
  title={Gravitational wave burst signal from core collapse of rotating stars},
  author={Dimmelmeier, Harald and Ott, Christian D and Marek, Andreas and Janka, H-Thomas},
  journal={Physical Review D},
  volume={78},
  number={6},
  pages={064056},
  year={2008},
  publisher={APS}
}

@article{rover2009bayesian,
  title={Bayesian reconstruction of gravitational wave burst signals from simulations of rotating stellar core collapse and bounce},
  author={R{\"o}ver, Christian and Bizouard, Marie-Anne and Christensen, Nelson and Dimmelmeier, Harald and Heng, Ik Siong and Meyer, Renate},
  journal={Physical Review D},
  volume={80},
  number={10},
  pages={102004},
  year={2009},
  publisher={APS}
}

@article{logue2012inferring,
  title={Inferring core-collapse supernova physics with gravitational waves},
  author={Logue, J and Ott, CD and Heng, IS and Kalmus, P and Scargill, JHC},
  journal={Physical Review D},
  volume={86},
  number={4},
  pages={044023},
  year={2012},
  publisher={APS}
}

@article{engels2014multivariate,
  title={Multivariate regression analysis of gravitational waves from rotating core collapse},
  author={Engels, William J and Frey, Raymond and Ott, Christian D},
  journal={Physical Review D},
  volume={90},
  number={12},
  pages={124026},
  year={2014},
  publisher={APS}
}

@article{gursel1989near,
  title={Near optimal solution to the inverse problem for gravitational-wave bursts},
  author={G{\"u}rsel, Yekta and Tinto, Massimo},
  journal={Physical Review D},
  volume={40},
  number={12},
  pages={3884},
  year={1989},
  publisher={APS}
}

@inproceedings{zhang2016colorful,
  title={Colorful image colorization},
  author={Zhang, Richard and Isola, Phillip and Efros, Alexei A},
  booktitle={European conference on computer vision},
  pages={649--666},
  year={2016},
  organization={Springer}
}

@inproceedings{karpathy2015deep,
  title={Deep visual-semantic alignments for generating image descriptions},
  author={Karpathy, Andrej and Fei-Fei, Li},
  booktitle={Proceedings of the IEEE conference on computer vision and pattern recognition},
  pages={3128--3137},
  year={2015}
}

@inproceedings{he2016deep,
  title={Deep residual learning for image recognition},
  author={He, Kaiming and Zhang, Xiangyu and Ren, Shaoqing and Sun, Jian},
  booktitle={Proceedings of the IEEE conference on computer vision and pattern recognition},
  pages={770--778},
  year={2016}
}

@book{goodfellow2016deep,
  title={Deep learning},
  author={Goodfellow, Ian and Bengio, Yoshua and Courville, Aaron},
  year={2016},
  publisher={MIT press}
}

@article{couch2015role,
  title={The role of turbulence in neutrino-driven core-collapse supernova explosions},
  author={Couch, Sean M and Ott, Christian D},
  journal={The Astrophysical Journal},
  volume={799},
  number={1},
  pages={5},
  year={2015},
  publisher={IOP Publishing}
}

@article{ott2013general,
  title={General-relativistic simulations of three-dimensional core-collapse supernovae},
  author={Ott, Christian D and Abdikamalov, Ernazar and M{\"o}sta, Philipp and Haas, Roland and Drasco, Steve and O'Connor, Evan P and Reisswig, Christian and Meakin, Casey A and Schnetter, Erik},
  journal={The Astrophysical Journal},
  volume={768},
  number={2},
  pages={115},
  year={2013},
  publisher={IOP Publishing}
}

@article{murphy2009model,
  title={A model for gravitational wave emission from neutrino-driven core-collapse supernovae},
  author={Murphy, Jeremiah W and Ott, Christian D and Burrows, Adam},
  journal={The Astrophysical Journal},
  volume={707},
  number={2},
  pages={1173},
  year={2009},
  publisher={IOP Publishing}
}

@article{janka2007theory,
  title={Theory of core-collapse supernovae},
  author={Janka, H-Th and Langanke, K and Marek, Andreas and Mart{\'\i}nez-Pinedo, G and M{\"u}ller, B},
  journal={Physics Reports},
  volume={442},
  number={1-6},
  pages={38--74},
  year={2007},
  publisher={Elsevier}
}

@article{summerscales2008maximum,
  title={Maximum entropy for gravitational wave data analysis: Inferring the physical parameters of core-collapse supernovae},
  author={Summerscales, TZ and Burrows, Adam and Finn, Lee Samuel and Ott, Christian D},
  journal={The Astrophysical Journal},
  volume={678},
  number={2},
  pages={1142},
  year={2008},
  publisher={IOP Publishing}
}

@article{rakhmanov2006rank,
  title={Rank deficiency and Tikhonov regularization in the inverse problem for gravitational-wave bursts},
  author={Rakhmanov, Malik},
  journal={Classical and Quantum Gravity},
  volume={23},
  number={19},
  pages={S673},
  year={2006},
  publisher={IOP Publishing}
}
@article{hayama2007coherent,
  title={Coherent network analysis for triggered gravitational wave burst searches},
  author={Hayama, Kazuhiro and Mohanty, Soumya D and Rakhmanov, Malik and Desai, Shantanu},
  journal={Classical and Quantum Gravity},
  volume={24},
  number={19},
  pages={S681},
  year={2007},
  publisher={IOP Publishing}
}

@article{o2015introduction,
  title={An introduction to convolutional neural networks},
  author={O'Shea, Keiron and Nash, Ryan},
  journal={arXiv preprint arXiv:1511.08458},
  year={2015}
}

@inproceedings{lecun1988theoretical,
  title={A theoretical framework for back-propagation},
  author={LeCun, Yann and Touresky, D and Hinton, G and Sejnowski, T},
  booktitle={Proceedings of the 1988 connectionist models summer school},
  volume={1},
  pages={21--28},
  year={1988},
  organization={CMU, Pittsburgh, Pa: Morgan Kaufmann}
}

@article{abadi2016tensorflow,
  title={Tensorflow: Large-scale machine learning on heterogeneous distributed systems},
  author={Abadi, Mart{\'\i}n and Agarwal, Ashish and Barham, Paul and Brevdo, Eugene and Chen, Zhifeng and Citro, Craig and Corrado, Greg S and Davis, Andy and Dean, Jeffrey and Devin, Matthieu and others},
  journal={arXiv preprint arXiv:1603.04467},
  year={2016}
}

@article{miller2015prospects,
  title={Prospects for doubling the range of Advanced LIGO},
  author={Miller, John and Barsotti, Lisa and Vitale, Salvatore and Fritschel, Peter and Evans, Matthew and Sigg, Daniel},
  journal={Physical Review D},
  volume={91},
  number={6},
  pages={062005},
  year={2015},
  publisher={APS}
}
@article{LIGOW,
  title={LIGO Instrument Science White Paper},
  author={Lantz, B. and Danilishin, S. and Hild, S. and Gustafson, E.  and Coyne, D. 
and  Quetschke, V. and  Hammond, G. and  Adhikari, R. and  Evans, M. and Bassiri, R. },
  url={https://dcc.ligo.org/cgi-bin/private/DocDB/ShowDocument?docid=T1800133&version=.},
  year={2018}
}

@article{aso2013interferometer,
  title={Interferometer design of the KAGRA gravitational wave detector},
  author={Aso, Yoichi and Michimura, Yuta and Somiya, Kentaro and Ando, Masaki and Miyakawa, Osamu and Sekiguchi, Takanori and Tatsumi, Daisuke and Yamamoto, Hiroaki and KAGRA Collaboration and others},
  journal={Physical Review D},
  volume={88},
  number={4},
  pages={043007},
  year={2013},
  publisher={APS}
}

@article{somiya2012detector,
  title={Detector configuration of KAGRA--the Japanese cryogenic gravitational-wave detector},
  author={Somiya, Kentaro},
  journal={Classical and Quantum Gravity},
  volume={29},
  number={12},
  pages={124007},
  year={2012},
  publisher={IOP Publishing}
}

@article{abbott2018prospects,
  title={Prospects for observing and localizing gravitational-wave transients with Advanced LIGO, Advanced Virgo and KAGRA},
  author={Abbott, Benjamin P and Abbott, R and Abbott, TD and Abernathy, MR and Acernese, F and Ackley, K and Adams, C and Adams, T and Addesso, P and Adhikari, RX and others},
  journal={Living Reviews in Relativity},
  volume={21},
  number={1},
  pages={3},
  year={2018},
  publisher={Springer}
}

@article{blondin2003stability,
  title={Stability of standing accretion shocks, with an eye toward core-collapse supernovae},
  author={Blondin, John M and Mezzacappa, Anthony and DeMarino, Christine},
  journal={The Astrophysical Journal},
  volume={584},
  number={2},
  pages={971},
  year={2003},
  publisher={IOP Publishing}
}

@article{aasi2015advanced,
  title={Advanced ligo},
  author={Aasi, Junaid and Abbott, BP and Abbott, Richard and Abbott, Thomas and Abernathy, MR and Ackley, Kendall and Adams, Carl and Adams, Thomas and Addesso, Paolo and Adhikari, RX and others},
  journal={Classical and quantum gravity},
  volume={32},
  number={7},
  pages={074001},
  year={2015},
  publisher={IOP Publishing}
}

@article{abbott2016first,
  title={First targeted search for gravitational-wave bursts from core-collapse supernovae in data of first-generation laser interferometer detectors},
  author={Abbott, Benjamin P and Abbott, Richard and Abbott, TD and Abernathy, MR and Acernese, F and Ackley, K and Adams, C and Adams, T and Addesso, P and Adhikari, RX and others},
  journal={Physical Review D},
  volume={94},
  number={10},
  pages={102001},
  year={2016},
  publisher={APS}
}

@article{acernese2014advanced,
  title={Advanced Virgo: a second-generation interferometric gravitational wave detector},
  author={Acernese, F and Agathos, M and Agatsuma, K and Aisa, D and Allemandou, N and Allocca, A and Amarni, J and Astone, P and Balestri, G and Ballardin, G and others},
  journal={Classical and Quantum Gravity},
  volume={32},
  number={2},
  pages={024001},
  year={2014},
  publisher={IOP Publishing}
}

@article{gossan2016observing,
  title={Observing gravitational waves from core-collapse supernovae in the advanced detector era},
  author={Gossan, SE and Sutton, Patrick and Stuver, A and Zanolin, Michele and Gill, Kiranjyot and Ott, Christian D},
  journal={Physical Review D},
  volume={93},
  number={4},
  pages={042002},
  year={2016},
  publisher={APS}
}

@article{karachentsev2004catalog,
  title={A catalog of neighboring galaxies},
  author={Karachentsev, Igor D and Karachentseva, Valentina E and Huchtmeier, Walter K and Makarov, Dmitry I},
  journal={The Astronomical Journal},
  volume={127},
  number={4},
  pages={2031},
  year={2004},
  publisher={IOP Publishing}
}

@article{belokurov2007cats,
  title={Cats and dogs, hair and a hero: a quintet of new Milky Way companions},
  author={Belokurov, V and Zucker, Daniel B and Evans, NW and Kleyna, Jan T and Koposov, S and Hodgkin, ST and Irwin, MJ and Gilmore, G and Wilkinson, MI and Fellhauer, Michael and others},
  journal={The Astrophysical Journal},
  volume={654},
  number={2},
  pages={897},
  year={2007},
  publisher={IOP Publishing}
}


@article{dimmelmeier2008gravitational,
  title={Gravitational wave burst signal from core collapse of rotating stars},
  author={Dimmelmeier, Harald and Ott, Christian D and Marek, Andreas and Janka, H-Thomas},
  journal={Physical Review D},
  volume={78},
  number={6},
  pages={064056},
  year={2008},
  publisher={APS}
}

@article{abdikamalov2014measuring,
  title={Measuring the angular momentum distribution in core-collapse supernova progenitors with gravitational waves},
  author={Abdikamalov, Ernazar and Gossan, Sarah and DeMaio, Alexandra M and Ott, Christian D},
  journal={Physical Review D},
  volume={90},
  number={4},
  pages={044001},
  year={2014},
  publisher={APS}
}

@article{andresen2017gravitational,
  title={Gravitational wave signals from 3D neutrino hydrodynamics simulations of core-collapse supernovae},
  author={Andresen, Haakon and M{\"u}ller, Bernhard and M{\"u}ller, Ewald and Janka, H-Th},
  journal={Monthly Notices of the Royal Astronomical Society},
  volume={468},
  number={2},
  pages={2032--2051},
  year={2017},
  publisher={Oxford University Press}
}

@article{kuroda2017correlated,
  title={Correlated signatures of gravitational-wave and neutrino emission in three-dimensional general-relativistic core-collapse supernova simulations},
  author={Kuroda, Takami and Kotake, Kei and Hayama, Kazuhiro and Takiwaki, Tomoya},
  journal={The Astrophysical Journal},
  volume={851},
  number={1},
  pages={62},
  year={2017},
  publisher={IOP Publishing}
}

@article{muller2012parametrized,
  title={Parametrized 3D models of neutrino-driven supernova explosions-Neutrino emission asymmetries and gravitational-wave signals},
  author={M{\"u}ller, E and Janka, H-Th and Wongwathanarat, A},
  journal={Astronomy \& Astrophysics},
  volume={537},
  pages={A63},
  year={2012},
  publisher={EDP Sciences}
}

@article{powell2019gravitational,
  title={Gravitational wave emission from 3D explosion models of core-collapse supernovae with low and normal explosion energies},
  author={Powell, Jade and M{\"u}ller, Bernhard},
  journal={Monthly Notices of the Royal Astronomical Society},
  volume={487},
  number={1},
  pages={1178--1190},
  year={2019},
  publisher={Oxford University Press}
}

@article{radice2019characterizing,
  title={Characterizing the Gravitational Wave Signal from Core-collapse Supernovae},
  author={Radice, David and Morozova, Viktoriya and Burrows, Adam and Vartanyan, David and Nagakura, Hiroki},
  journal={The Astrophysical Journal Letters},
  volume={876},
  number={1},
  pages={L9},
  year={2019},
  publisher={IOP Publishing}
}

@article{yakunin2015gravitational,
  title={Gravitational wave signatures of ab initio two-dimensional core collapse supernova explosion models for 12--25 M⊙ stars},
  author={Yakunin, Konstantin N and Mezzacappa, Anthony and Marronetti, Pedro and Yoshida, Shin’ichirou and Bruenn, Stephen W and Hix, W Raphael and Lentz, Eric J and Messer, OE Bronson and Harris, J Austin and Endeve, Eirik and others},
  journal={Physical Review D},
  volume={92},
  number={8},
  pages={084040},
  year={2015},
  publisher={APS}
}

@article{yakunin2017gravitational,
  title={The Gravitational Wave Signal of a Core Collapse Supernova Explosion of a 15 $\text{M}_\odot $ Star},
  author={Yakunin, Konstantin N and Mezzacappa, Anthony and Marronetti, Pedro and Lentz, Eric J and Bruenn, Stephen W and Hix, W Raphael and Messer, OE and Endeve, Eirik and Blondin, John M and Harris, J Austin},
  journal={arXiv preprint arXiv:1701.07325},
  year={2017}
}

@article{10.1093mnrasstz990,
    author = {Andresen, H and Müller, E and Janka, H-Th and Summa, A and Gill, K and Zanolin, M},
    title = "{Gravitational waves from 3D core-collapse supernova models: The impact of moderate progenitor rotation}",
    journal = {Monthly Notices of the Royal Astronomical Society},
    volume = {486},
    number = {2},
    pages = {2238-2253},
    year = {2019},
    month = {04},
    issn = {0035-8711},
    doi = {10.1093/mnras/stz990},
    url = {https://doi.org/10.1093/mnras/stz990},
    eprint = {http://oup.prod.sis.lan/mnras/article-pdf/486/2/2238/28488247/stz990.pdf},
}


@article{roma2019astrophysics,
  title={Astrophysics with core-collapse supernova gravitational wave signals in the next generation of gravitational wave detectors},
  author={Roma, Vincent and Powell, Jade and Heng, Ik Siong and Frey, Raymond},
  journal={Physical Review D},
  volume={99},
  number={6},
  pages={063018},
  year={2019},
  publisher={APS}
}

@article{scheidegger2010influence,
  title={The influence of model parameters on the prediction of gravitational wave signals from stellar core collapse},
  author={Scheidegger, S and K{\"a}ppeli, R and Whitehouse, SC and Fischer, T and Liebend{\"o}rfer, M},
  journal={Astronomy \& Astrophysics},
  volume={514},
  pages={A51},
  year={2010},
  publisher={EDP Sciences}
}

@article{andresen2017gravitational,
  title={Gravitational wave signals from 3D neutrino hydrodynamics simulations of core-collapse supernovae},
  author={Andresen, Haakon and M{\"u}ller, Bernhard and M{\"u}ller, Ewald and Janka, H-Th},
  journal={Monthly Notices of the Royal Astronomical Society},
  volume={468},
  number={2},
  pages={2032--2051},
  year={2017},
  publisher={Oxford University Press}
}

@article{kuroda2016new,
  title={A new gravitational-wave signature from standing accretion shock instability in supernovae},
  author={Kuroda, Takami and Kotake, Kei and Takiwaki, Tomoya},
  journal={The Astrophysical Journal Letters},
  volume={829},
  number={1},
  pages={L14},
  year={2016},
  publisher={IOP Publishing}
}

@article{usman2016pycbc,
  title={The PyCBC search for gravitational waves from compact binary coalescence},
  author={Usman, Samantha A and Nitz, Alexander H and Harry, Ian W and Biwer, Christopher M and Brown, Duncan A and Cabero, Miriam and Capano, Collin D and Dal Canton, Tito and Dent, Thomas and Fairhurst, Stephen and others},
  journal={Classical and Quantum Gravity},
  volume={33},
  number={21},
  pages={215004},
  year={2016},
  publisher={IOP Publishing}
}

@article{cannon2012toward,
  title={Toward early-warning detection of gravitational waves from compact binary coalescence},
  author={Cannon, Kipp and Cariou, Romain and Chapman, Adrian and Crispin-Ortuzar, Mireia and Fotopoulos, Nickolas and Frei, Melissa and Hanna, Chad and Kara, Erin and Keppel, Drew and Liao, Laura and others},
  journal={The Astrophysical Journal},
  volume={748},
  number={2},
  pages={136},
  year={2012},
  publisher={IOP Publishing}
}

@ARTICLE{2019arXiv190906296G,
       author = {{Gabbard}, Hunter and {Messenger}, Chris and {Heng}, Ik Siong and
         {Tonolini}, Francesco and {Murray-Smith}, Roderick},
        title = "{Bayesian parameter estimation using conditional variational autoencoders for gravitational-wave astronomy}",
      journal = {arXiv e-prints},
     keywords = {Astrophysics - Instrumentation and Methods for Astrophysics, Computer Science - Machine Learning, General Relativity and Quantum Cosmology},
         year = "2019",
        month = "Sep",
          eid = {arXiv:1909.06296},
        pages = {arXiv:1909.06296},
archivePrefix = {arXiv},
       eprint = {1909.06296},
 primaryClass = {astro-ph.IM},
       adsurl = {https://ui.adsabs.harvard.edu/abs/2019arXiv190906296G},
      adsnote = {Provided by the SAO/NASA Astrophysics Data System}
}

@article{srivastava2014dropout,
  title={Dropout: a simple way to prevent neural networks from overfitting},
  author={Srivastava, Nitish and Hinton, Geoffrey and Krizhevsky, Alex and Sutskever, Ilya and Salakhutdinov, Ruslan},
  journal={The journal of machine learning research},
  volume={15},
  number={1},
  pages={1929--1958},
  year={2014},
  publisher={JMLR. org}
}

@article{abbott2019optically,
  title={An Optically Targeted Search for Gravitational Waves emitted by Core-Collapse Supernovae during the First and Second Observing Runs of Advanced LIGO and Advanced Virgo},
  author={Abbott, BP and Abbott, R and Abbott, TD and Abraham, S and Acernese, F and Ackley, K and Adams, C and Adya, VB and Affeldt, C and Agathos, M and others},
  journal={arXiv preprint arXiv:1908.03584},
  year={2019}
}

@article{klimenko2016method,
  title={Method for detection and reconstruction of gravitational wave transients with networks of advanced detectors},
  author={Klimenko, S and Vedovato, G and Drago, M and Salemi, F and Tiwari, V and Prodi, GA and Lazzaro, C and Ackley, K and Tiwari, S and Da Silva, CF and others},
  journal={Physical Review D},
  volume={93},
  number={4},
  pages={042004},
  year={2016},
  publisher={APS}
}

@article{klimenko2005constraint,
  title={Constraint likelihood analysis for a network of gravitational wave detectors},
  author={Klimenko, Sergei and Mohanty, S and Rakhmanov, Malik and Mitselmakher, Guenakh},
  journal={Physical Review D},
  volume={72},
  number={12},
  pages={122002},
  year={2005},
  publisher={APS}
}

@article{obergaulinger2019magnetorotational,
  title={Magnetorotational core collapse of possible GRB progenitors. I. Explosion mechanisms},
  author={Obergaulinger, M and Aloy, M{\'A}},
  journal={arXiv preprint arXiv:1909.01105},
  year={2019}
}

@article{obergaulinger2017protomagnetar,
  title={Protomagnetar and black hole formation in high-mass stars},
  author={Obergaulinger, Martin and Aloy, Miguel {\'A}ngel},
  journal={Monthly Notices of the Royal Astronomical Society: Letters},
  volume={469},
  number={1},
  pages={L43--L47},
  year={2017},
  publisher={Oxford University Press}
}

@article{aloy2019neutron,
  title={Neutron star collapse and gravitational waves with a non-convex equation of state},
  author={Aloy, Miguel A and Ib{\'a}{\~n}ez, Jos{\'e} M and Sanchis-Gual, Nicolas and Obergaulinger, Martin and Font, Jos{\'e} A and Serna, Susana and Marquina, Antonio},
  journal={Monthly Notices of the Royal Astronomical Society},
  volume={484},
  number={4},
  pages={4980--5008},
  year={2019},
  publisher={Oxford University Press}
}

@article{obergaulinger2006axisymmetric,
  title={Axisymmetric simulations of magneto-rotational core collapse: dynamics and gravitational wave signal},
  author={Obergaulinger, Martin and Aloy, MA and M{\"u}ller, E},
  journal={Astronomy \& Astrophysics},
  volume={450},
  number={3},
  pages={1107--1134},
  year={2006},
  publisher={EDP Sciences}
}

@article{obergaulinger2006axisymmetric2,
  title={Axisymmetric simulations of magnetorotational core collapse: approximate inclusion of general relativistic effects},
  author={Obergaulinger, Martin and Aloy, MA and Dimmelmeier, H and M{\"u}ller, E},
  journal={Astronomy \& Astrophysics},
  volume={457},
  number={1},
  pages={209--222},
  year={2006},
  publisher={EDP Sciences}
}

@article{gill2018enhancing,
  title={Enhancing the sensitivity of searches for gravitational waves from core-collapse supernovae with a bayesian classification of candidate events},
  author={Gill, Kiranjyot and Wang, Wenhui and Valdez, Oscar and Szczepanczyk, Marek and Zanolin, Michele and Mukherjee, Soma},
  journal={arXiv preprint arXiv:1802.07255},
  year={2018}
}

@article{hayama2015coherent,
  title={Coherent network analysis of gravitational waves from three-dimensional core-collapse supernova models},
  author={Hayama, Kazuhiro and Kuroda, Takami and Kotake, Kei and Takiwaki, Tomoya},
  journal={Physical Review D},
  volume={92},
  number={12},
  pages={122001},
  year={2015},
  publisher={APS}
}

